@ARTICLE{hartNilssonRaphael,
	author={P. E. Hart and N. J. Nilsson and B. Raphael},
	journal={IEEE Transactions on Systems Science and Cybernetics},
	title={A Formal Basis for the Heuristic Determination of Minimum Cost Paths},
	year={1968},
	volume={4},
	number={2},
	pages={100-107},
	keywords={Automatic control;Automatic programming;Chemical technology;Costs;Functional programming;Gradient methods;Instruction sets;Mathematical programming;Minimax techniques;Minimization methods},
	doi={10.1109/TSSC.1968.300136},
	ISSN={0536-1567},
	month={July}
}

@Article{Dijkstra1959,
	author="Dijkstra, E. W.",
	title="A note on two problems in connexion with graphs",
	journal="Numerische Mathematik",
	year="1959",
	month="Dec",
	day="01",
	volume="1",
	number="1",
	pages="269--271",
	issn="0945-3245",
	doi="10.1007/BF01386390",
	url="https://doi.org/10.1007/BF01386390"
}
@misc{wiki:astar,
	author = "Wikipedia",
	title = "A* search algorithm --- Wikipedia{,} The Free Encyclopedia",
	year = "2017",
	url = "https://en.wikipedia.org/w/index.php?title=A*_search_algorithm&oldid=814569805",
	note = "[Online; accessed 10-December-2017]"
}
@inproceedings{goldberg2005computing,
	title={Computing the shortest path: A search meets graph theory},
	author={Goldberg, Andrew V and Harrelson, Chris},
	booktitle={Proceedings of the sixteenth annual ACM-SIAM symposium on Discrete algorithms},
	pages={156--165},
	year={2005},
	organization={Society for Industrial and Applied Mathematics}
}
@inproceedings{lv2006numerical,
	title={Numerical potential field and ant colony optimization based path planning in dynamic environment},
	author={Lv, Na and Feng, Zuren},
	booktitle={Intelligent Control and Automation, 2006. WCICA 2006. The Sixth World Congress on},
	volume={2},
	pages={8966--8970},
	year={2006},
	organization={IEEE}
}
@article{krishnamurthy2007godzila,
	title={GODZILA: A low-resource algorithm for path planning in unknown environments},
	author={Krishnamurthy, Prashanth and Khorrami, Farshad},
	journal={Journal of Intelligent \& Robotic Systems},
	volume={48},
	number={3},
	pages={357--373},
	year={2007},
	publisher={Springer}
}
@inproceedings{wilson2007swan,
	title={Swan: System for wearable audio navigation},
	author={Wilson, Jeff and Walker, Bruce N and Lindsay, Jeffrey and Cambias, Craig and Dellaert, Frank},
	booktitle={Wearable Computers, 2007 11th IEEE International Symposium on},
	pages={91--98},
	year={2007},
	organization={IEEE}
}